@article{Vasicek1977,
    author  = "O. Vasicek",
    title   = "An equilibrium charaterization of the term structure",
    year    = "1977",
    journal = "J. Financ. Econ.",
    volume  = "5",
    pages   = "177--188"
}

@article{Hull1990,
    author  = "J. Hull and A. White",
    title   = "Pricing interest-rate-derivative securities",
    year    = "1990",
    journal = "Rev. Financ. Stud.",
    volume  = "3",
    pages   = "573--592"
}