@book{Andersen2010,
    author    = "L.B.G. Andersen and V.V. Piterbarg",
    title     = "Interest rate modelling",
    year      = "2010",
    publisher = "Atlantic Financial Press"
}

@book{Brigo2007,
    author    = "D. Brigo and F. Mercurio",
    title     = "Interest rate models -- Theory and practice",
    year      = "2007",
    publisher = "Springer"
}
